%% This BibTeX bibliography file was created using BibDesk.
%% http://bibdesk.sourceforge.net/


%% Created for ma at 2017-08-24 13:06:48 +0200


%% Saved with string encoding Unicode (UTF-8)

% ref for word2vec

% Introduction

@article{sterne2019rob,
  title={{RoB 2: a revised tool for assessing risk of bias in randomised trials}},
  author={Sterne, Jonathan AC and Savovi{\'c}, Jelena and Page, Matthew J and Elbers, Roy G and Blencowe, Natalie S and Boutron, Isabelle and Cates, Christopher J and Cheng, Hung-Yuan and Corbett, Mark S and Eldridge, Sandra M and others},
  journal={BMJ},
  volume={366},
  year={2019},
  publisher={British Medical Journal Publishing Group}
}